%%%%%%%%%%%%%%%%%%%%%%%%%%%%%%%%%%%%%%%%%%%%%%%%%%%%%%%%%%%%%%%%
%
%   Abstract
%
%%%%%%%%%%%%%%%%%%%%%%%%%%%%%%%%%%%%%%%%%%%%%%%%%%%%%%%%%%%%%%%%

% ANTLR
@book{ANTLRbook,
 author = {Parr, Terence},
 title = {The Definitive ANTLR 4 Reference},
 year = {2013},
 isbn = {1934356999, 9781934356999},
 edition = {2nd},
 publisher = {Pragmatic Bookshelf},
}

% Industry 4.0: Towards future industrial opportunities and challenges
@INPROCEEDINGS{industrial4,
author={K. Zhou and Taigang Liu and Lifeng Zhou},
booktitle={2015 12th International Conference on Fuzzy Systems and Knowledge Discovery (FSKD)},
title={Industry 4.0: Towards future industrial opportunities and challenges},
year={2015},
pages={2147-2152},
doi={10.1109/FSKD.2015.7382284},
month={Aug},}

% Wireless Sensor Networks: A Survey on Environmental Monitoring.
@article{oliveira2011wireless,
  title={Wireless Sensor Networks: A Survey on Environmental Monitoring.},
  author={Oliveira, Lu{\'\i}s ML and Rodrigues, Joel JPC},
  journal={JCM},
  volume={6},
  number={2},
  pages={143--151},
  year={2011},
  publisher={Citeseer}
}

% CU
@article{GERO199065,
title = "A conceptual framework for knowledge-based design research at Sydney University's design computing unit",
journal = "Artificial Intelligence in Engineering",
volume = "5",
number = "2",
pages = "65 - 77",
year = "1990",
note = "",
issn = "0954-1810",
doi = "http://dx.doi.org/10.1016/0954-1810(90)90003-M",
url = "http://www.sciencedirect.com/science/article/pii/095418109090003M",
author = "John S. Gero and Michael A. Rosenman",

}

% Cooperation in industrial multi-agent systems
@book{jennings1994cooperation,
  title={Cooperation in industrial multi-agent systems},
  author={Jennings, Nick},
  volume={43},
  year={1994},
  publisher={World Scientific}
}

% Near-capacity multi-functional MIMO systems: sphere-packing, iterative detection and cooperation
@book{hanzo2009near,
  title={Near-capacity multi-functional MIMO systems: sphere-packing, iterative detection and cooperation},
  author={Hanzo, Lajos L and Alamri, Osamah and El-Hajjar, Mohammed and Wu, Nan},
  volume={4},
  year={2009},
  publisher={John Wiley \& Sons}
}

% Multi-agent systems: an introduction to distributed artificial intelligence
@book{ferber1999multi,
  title={Multi-agent systems: an introduction to distributed artificial intelligence},
  author={Ferber, Jacques},
  volume={1},
  year={1999},
  publisher={Addison-Wesley Reading}
}

% Using program synthesis for program analysis
@article{david2015using,
  title={Using program synthesis for program analysis},
  author={David, Cristina and Kroening, Daniel and Lewis, Matt},
  booktitle={Logic for Programming, Artificial Intelligence, and Reasoning},
  pages={483--498},
  year={2015},
  organization={Springer}
}

% A different view on system decomposition..subsystem-centered property evaluation in multiple supersystems
@article{DBLP:conf/csdm/HerbergL13,
  author    = {Arne Herberg and
               Udo Lindemann},
  title     = {A different view on system decomposition - subsystem-centered property evaluation in multiple supersystems},
  booktitle = {CSDM, Paris, France, - December
               4th, 2013.},
  pages     = {153--165},
  year      = {2013},
  crossref  = {DBLP:conf/csdm/2013p},
  url       = {http://ceur-ws.org/Vol-1085/14-paper.pdf},
  timestamp = {Mon, 30 May 2016 16:28:37 +0200},
  biburl    = {http://dblp.uni-trier.de/rec/bib/conf/csdm/HerbergL13},
  bibsource = {dblp computer science bibliography, http://dblp.org}
}

% A Survey of Program Slicing Techniques
@article{DBLP:journals/jpl/Tip95,
  author    = {Frank Tip},
  title     = {A survey of program slicing techniques},
  journal   = {J. Prog. Lang.},
  volume    = {3},
  number    = {3},
  year      = {1995},
  url       = {http://compscinet.dcs.kcl.ac.uk/JP/jp030301.abs.html},
  timestamp = {Fri, 09 Jan 2004 08:53:31 +0100},
  biburl    = {http://dblp.uni-trier.de/rec/bib/journals/jpl/Tip95},
  bibsource = {dblp computer science bibliography, http://dblp.org}
}

% Better Requirements Decomposition Guidelines Can Improve Cost Estimation of Systems Engineering and Human Systems Integration
@article{valerdi2010better,
  title={Better Requirements Decomposition Guidelines Can Improve Cost Estimation of Systems Engineering and Human Systems Integration},
  author={Valerdi, R and Laplante, P and others},
  year={2010}
}

% Consensus and Cooperation in Networked Multi-Agent Systems
@ARTICLE{4118472,
author={R. Olfati-Saber and J. A. Fax and R. M. Murray},
journal={Proceedings of the IEEE},
title={Consensus and Cooperation in Networked Multi-Agent Systems},
year={2007},
volume={95},
number={1},
pages={215-233},
doi={10.1109/JPROC.2006.887293},
ISSN={0018-9219},
month={Jan},}

% COOPERATION IN INDUSTRIAL SYSTEMS
@MISC{Jennings91cooperationin,
    author = {N. R. Jennings},
    title = {Cooperation In Industrial Systems},
    year = {1991}
}

% Decomposition Analysis of Industrial Power Demand of China Based on Panel Data Model
@article{he2008decomposition,
  title={Decomposition Analysis of Industrial Power Demand of China Based on Panel Data Model},
  author={He, Yong-Xiu and Li, De-Zhi and Wei, Jia-Jia and Yang, Li-Fang and Cai, Qi},
  booktitle={WiCOM'08. 4th International Conference on},
  pages={1--4},
  year={2008},
  organization={IEEE}
}

% Decomposition of Systems and their Requirements
@phdthesis{DBLP:phd/de/Penzenstadler2010,
  author    = {Birgit Penzenstadler},
  title     = {DeSyRe: decomposition of systems and their requirements: transition
               from system to subsystem using a criteria catalogue and systematic
               requirements refinement},
  school    = {Technical University Munich},
  year      = {2010},
  url       = {http://mediatum.ub.tum.de/node?id=999357},
  urn       = {urn:nbn:de:bvb:91-diss-20110120-999357-1-4},
  timestamp = {Wed, 08 Jun 2016 17:07:17 +0200},
  biburl    = {http://dblp.uni-trier.de/rec/bib/phd/de/Penzenstadler2010},
  bibsource = {dblp computer science bibliography, http://dblp.org}
}

% Decomposition theorems for linear programs
@article{DBLP:journals/orl/GauthierDL14,
  author    = {Jean Bertrand Gauthier and
               Jacques Desrosiers and
               Marco E. L{\"{u}}bbecke},
  title     = {Decomposition theorems for linear programs},
  journal   = {Oper. Res. Lett.},
  volume    = {42},
  number    = {8},
  pages     = {553--557},
  year      = {2014},
  url       = {http://dx.doi.org/10.1016/j.orl.2014.10.001},
  doi       = {10.1016/j.orl.2014.10.001},
  timestamp = {Wed, 12 Nov 2014 17:31:57 +0100},
  biburl    = {http://dblp.uni-trier.de/rec/bib/journals/orl/GauthierDL14},
  bibsource = {dblp computer science bibliography, http://dblp.org}
}

% Developing cooperation mechanism for multi-agent systems with Petri nets
@article{DBLP:journals/eaai/Hsieh09,
  author    = {Fu{-}Shiung Hsieh},
  title     = {Developing cooperation mechanism for multi-agent systems with Petri
               nets},
  journal   = {Eng. Appl. of {AI}},
  volume    = {22},
  number    = {4-5},
  pages     = {616--627},
  year      = {2009},
  url       = {http://dx.doi.org/10.1016/j.engappai.2009.02.006},
  doi       = {10.1016/j.engappai.2009.02.006},
  timestamp = {Sun, 09 May 2010 14:07:38 +0200},
  biburl    = {http://dblp.uni-trier.de/rec/bib/journals/eaai/Hsieh09},
  bibsource = {dblp computer science bibliography, http://dblp.org}
}

% Distributed Event-Triggered Control for Multi-Agent Systems
@ARTICLE{distributeEventTriggeredControl,
author={D. V. Dimarogonas and E. Frazzoli and K. H. Johansson},
journal={IEEE Transactions on Automatic Control},
title={Distributed Event-Triggered Control for Multi-Agent Systems},
year={2012},
volume={57},
number={5},
pages={1291-1297},
doi={10.1109/TAC.2011.2174666},
ISSN={0018-9286},
month={May},}

% Event-triggered distributed predictive control for the cooperation of multi-agent systems
@article{zou2016event,
  title={Event-triggered distributed predictive control for the cooperation of multi-agent systems},
  author={Zou, Yuanyuan and Su, Xu and Niu, Yugang},
  journal={IET Control Theory \& Applications},
  volume={11},
  number={1},
  pages={10--16},
  year={2016},
  publisher={IET}
}

% Four ecosystem principles for an industrial ecosystem
@article{korhonen2001four,
  title={Four ecosystem principles for an industrial ecosystem},
  author={Korhonen, Jouni},
  journal={Journal of Cleaner Production},
  volume={9},
  number={3},
  pages={253--259},
  year={2001},
  publisher={Elsevier}
}

% Giotto..A Time-Triggered Language for Embedded Programming
@article{henzinger2001giotto,
  title={Giotto: A time-triggered language for embedded programming},
  author={Henzinger, Thomas A and Horowitz, Benjamin and Kirsch, Christoph Meyer},
  booktitle={International Workshop on Embedded Software},
  pages={166--184},
  year={2001},
  organization={Springer}
}

% Modeling a Cooperation Environment for Flexibility Enhancement in Smart Multi-Energy Industrial Systems
@phdthesis{damavandi2016modeling,
  title={Modeling a cooperation environment for flexibility enhancement in smart multi-energy industrial systems},
  author={Damavandi, Maziar Yazdani},
  year={2016},
  school={UNIVERSIDADE DA BEIRA INTERIOR}
}

% program slicing
@article{weiser1981program,
  title={Program slicing},
  author={Weiser, Mark},
  booktitle={Proceedings of the 5th international conference on Software engineering},
  pages={439--449},
  year={1981},
  organization={IEEE Press}
}


% Slicing concurrent programs ¨C a graph-theoretical approach
@article{Cheng:1993:SCP:646902.710201,
 author = {Cheng, Jingde},
 title = {Slicing Concurrent Programs - A Graph-Theoretical Approach},
 series = {AADEBUG '93},
 year = {1993},
 isbn = {3-540-57417-4},
 pages = {223--240},
 numpages = {18},
 url = {http://dl.acm.org/citation.cfm?id=646902.710201},
 acmid = {710201},
 publisher = {Springer-Verlag},
 address = {London, UK, UK},
}

% AutoBayes Program Synthesis System Users Manual, National Aeronautics and Space Administration,
@article{schumann2008autobayes,
  title={AutoBayes program synthesis system users manual},
  author={Schumann, Johann and Jafari, Hamed and Pressburger, Tom and Denney, Ewen and Buntine, Wray and Fischer, Bernd},
  year={2008}
}


@article{deGeaFernandez2017,
author="de Gea Fern{\'a}ndez, Jos{\'e}
and Mronga, Dennis
and G{\"u}nther, Martin,
et al",
title="iMRK: Demonstrator for Intelligent and Intuitive Human--Robot Collaboration in Industrial Manufacturing",
journal="KI - K{\"u}nstliche Intelligenz",
year="2017",
volume="31",
number="2",
pages="203--207",
issn="1610-1987",
doi="10.1007/s13218-016-0481-5",
url="http://dx.doi.org/10.1007/s13218-016-0481-5"
}

@article{Shen2010196,
title = "Systems integration and collaboration in architecture, engineering, construction, and facilities management: A review ",
journal = "Advanced Engineering Informatics ",
volume = "24",
number = "2",
pages = "196 - 207",
year = "2010",
issn = "1474-0346",
doi = "https://doi.org/10.1016/j.aei.2009.09.001",
author = "Weiming Shen and Qi Hao and Helium Mak and Joseph Neelamkavil, et al"
}


@Article{s16020215,
AUTHOR = {Chen, Yuanfang and Lee, Gyu Myoung and Shu, Lei and Crespi, Noel},
TITLE = {Industrial Internet of Things-Based Collaborative Sensing Intelligence: Framework and Research Challenges},
JOURNAL = {Sensors},
VOLUME = {16},
YEAR = {2016},
NUMBER = {2},
ARTICLE NUMBER = {215},
URL = {http://www.mdpi.com/1424-8220/16/2/215},
ISSN = {1424-8220},
DOI = {10.3390/s16020215}
}


@book{Event-B,
  title={Modeling in Event-B: system and software engineering},
  author={Abrial, Jean-Raymond},
  year={2010},
  publisher={Cambridge University Press}
}

@article{timeAutomata,
  title={A theory of timed automata},
  author={Alur, Rajeev and Dill, David L},
  journal={Theoretical computer science},
  volume={126},
  number={2},
  pages={183--235},
  year={1994},
  publisher={Elsevier}
}

@article{TimedTools,
  title={Timed automata: Semantics, algorithms and tools},
  author={Bengtsson, Johan and Yi, Wang},
  journal={Lecture Notes in Computer Science},
  volume={3098},
  pages={87--124},
  year={2004},
  publisher={Springer}
}
